<record><leader>00000cas a2200000 a 4500</leader><controlfield tag="001">12653129</controlfield><controlfield tag="008">851010d19441981tnudn ne      0    0eng  </controlfield><datafield ind1=" " ind2=" " tag="010"><subfield code="a">sn 85042557 </subfield></datafield><datafield ind1=" " ind2=" " tag="040"><subfield code="a">DLC</subfield><subfield code="b">eng</subfield><subfield code="c">DLC</subfield><subfield code="d">KNP</subfield><subfield code="d">TGN</subfield><subfield code="d">OCL</subfield><subfield code="d">OCLCO</subfield><subfield code="d">OCLCF</subfield><subfield code="d">DLC</subfield></datafield><datafield ind1=" " ind2=" " tag="042"><subfield code="a">msc</subfield></datafield><datafield ind1="0" ind2="0" tag="050"><subfield code="a">Newspaper 9829</subfield></datafield><datafield ind1="0" ind2="4" tag="245"><subfield code="a">The Maryville and Alcoa daily times.</subfield></datafield><datafield ind1="1" ind2=" " tag="246"><subfield code="i">Issue for July 3, 1944 has title:</subfield><subfield code="a">Daily times.</subfield></datafield><datafield ind1="1" ind2=" " tag="246"><subfield code="i">Issues for Oct. 4, 1955-Mar. 31, 1981 have title:</subfield><subfield code="a">Maryville-Alcoa daily times</subfield></datafield><datafield ind1="1" ind2="7" tag="246"><subfield code="a">Maryville times</subfield></datafield><datafield ind1="1" ind2="3" tag="246"><subfield code="a">Maryville Alcoa daily times</subfield></datafield><datafield ind1=" " ind2=" " tag="260"><subfield code="a">Maryville, Tenn. :</subfield><subfield code="b">Clyde B. Emert,</subfield><subfield code="c">1944-1981.</subfield></datafield><datafield ind1=" " ind2=" " tag="300"><subfield code="a">v. :</subfield><subfield code="b">ill.</subfield></datafield><datafield ind1=" " ind2=" " tag="310"><subfield code="a">Daily (except Sat. &amp; Sun.),</subfield><subfield code="b">July 25, 1949-Mar. 31, 1981</subfield></datafield><datafield ind1=" " ind2=" " tag="321"><subfield code="a">Daily (except Sat. &amp; Sun.),</subfield><subfield code="b">July 3, 1944-Jan. 28, 1949</subfield></datafield><datafield ind1=" " ind2=" " tag="321"><subfield code="a">Daily (except Sat.),</subfield><subfield code="b">Jan. 31-July 22, 1949</subfield></datafield><datafield ind1="0" ind2=" " tag="362"><subfield code="a">Vol. 1, no. 67 (July 3, 1944)-v. 37, no. 260 (Mar. 31, 1981).</subfield></datafield><datafield ind1=" " ind2=" " tag="500"><subfield code="a">Publishers: Clyde B. Emert, 1944-1955; Tutt S. Bradford, 1955-1981.</subfield></datafield><datafield ind1=" " ind2=" " tag="500"><subfield code="a">Special edition "Blount's destiny ... Progress" published Feb. 26, 1965.</subfield></datafield><datafield ind1=" " ind2=" " tag="515"><subfield code="a">Issue for July 3, 1944 also called: Total v. 61.</subfield></datafield><datafield ind1=" " ind2=" " tag="530"><subfield code="a">Also available on microfilm from Tennessee State Library and Archives, Nashville, Tenn.</subfield></datafield><datafield ind1=" " ind2="0" tag="651"><subfield code="a">Maryville (Tenn.)</subfield><subfield code="v">Newspapers.</subfield></datafield><datafield ind1=" " ind2="0" tag="651"><subfield code="a">Alcoa (Tenn.)</subfield><subfield code="v">Newspapers.</subfield></datafield><datafield ind1=" " ind2="0" tag="651"><subfield code="a">Blount County (Tenn.)</subfield><subfield code="v">Newspapers.</subfield></datafield><datafield ind1=" " ind2="7" tag="651"><subfield code="a">Tennessee</subfield><subfield code="z">Alcoa.</subfield><subfield code="2">fast</subfield><subfield code="0">(OCoLC)fst01207859</subfield></datafield><datafield ind1=" " ind2="7" tag="651"><subfield code="a">Tennessee</subfield><subfield code="z">Blount County.</subfield><subfield code="2">fast</subfield><subfield code="0">(OCoLC)fst01212352</subfield></datafield><datafield ind1=" " ind2="7" tag="651"><subfield code="a">Tennessee</subfield><subfield code="z">Maryville.</subfield><subfield code="2">fast</subfield><subfield code="0">(OCoLC)fst01204582</subfield></datafield><datafield ind1=" " ind2="7" tag="655"><subfield code="a">Newspapers.</subfield><subfield code="2">fast</subfield><subfield code="0">(OCoLC)fst01423814</subfield></datafield><datafield ind1=" " ind2=" " tag="752"><subfield code="a">United States</subfield><subfield code="b">Tennessee</subfield><subfield code="c">Blount</subfield><subfield code="d">Maryville.</subfield></datafield><datafield ind1=" " ind2=" " tag="752"><subfield code="a">United States</subfield><subfield code="b">Tennessee</subfield><subfield code="c">Blount</subfield><subfield code="d">Alcoa.</subfield></datafield><datafield ind1="0" ind2="0" tag="780"><subfield code="t">Maryville times</subfield><subfield code="x">2376-628X</subfield><subfield code="w">(DLC)sn 89058370</subfield><subfield code="w">(OCoLC)19254292</subfield></datafield><datafield ind1="0" ind2="0" tag="785"><subfield code="t">Daily times (Maryville, Tenn.)</subfield><subfield code="w">(DLC)sn 98069504</subfield></datafield><datafield ind1="1" ind2=" " tag="029"><subfield code="a">AU@</subfield><subfield code="b">000004485049</subfield></datafield></record>